02RETORNO01COBRANCA       8111109999999999999                               748BANSICREDI     20170203        0000471                                                                                                                                                                                                                                                                                 1.00000001
1            A2AAAA000002                      162000001                                                    06020217000000001 081206              1502170000000079242         A000000000000000000000000000000000000000000000000000000000000000000000000000000000000007924200000000000000000000000000                          000000000020170203                                                          000002
1            A2AZZZ000002                      162000002                                                    06020217000000002 081206              1501170000000053803         A000000000000000000000000000000000000000000000000000000000000000000000000000000000000005518500000000003060000000001076                          000000000020170203                                                          000003
9274881111                                                                                                                                                                                                                                                                                                                                                                                                000004