01REMESSA01COBRANCA       040800548212        PROGR NAC CONTROLE QUALID LTDA341BANCO ITAU SA  271016                                                                                                                                                                                                                                                                                                      000001
10273302879000108040800548212    0000                         010657350000000000000109                     I010123456   27111600000000265443410000000N271016000000000000000002711160000000000000000000000000000000000000000203811242000153MEDICAT MEDICINA DO TRABALHO L          RUA DA PEDREIRA, 22                     ALTO CHEIROS56302430PETROLINA      PEMEDICAT MEDICINA DO TRABALHO L    27111600 000002
10273302879000108040800548212    0000                         012568730000000000000109                     I010123457   27111600000000086493410000000N271016000000000000000002711160000000000000000000000000000000000000000212517280000199RAZAO                                   AVENIDA PROFESSOR JOAO BRASIL, 123      FONSECA     24130082NITEROI        RJRAZAO                             27111600 000003
9                                                                                                                                                                                                                                                                                                                                                                                                         000004
